@article{dean2008mapreduce,
  title={MapReduce: simplified data processing on large clusters},
  author={Dean, Jeffrey and Ghemawat, Sanjay},
  journal={Communications of the ACM},
  volume={51},
  number={1},
  pages={107--113},
  year={2008},
  publisher={ACM}
}

@article{shinnar2012m3r,
  title={M3R: increased performance for in-memory Hadoop jobs},
  author={Shinnar, Avraham and Cunningham, David and Saraswat, Vijay and Herta, Benjamin},
  journal={Proceedings of the VLDB Endowment},
  volume={5},
  number={12},
  pages={1736--1747},
  year={2012},
  publisher={VLDB Endowment}
}

@inproceedings{Stoica:2001:CSP:383059.383071,
 author = {Stoica, Ion and Morris, Robert and Karger, David and Kaashoek, M. Frans and Balakrishnan, Hari},
 title = {Chord: A Scalable Peer-to-peer Lookup Service for Internet Applications},
 booktitle = {Proceedings of the 2001 Conference on Applications, Technologies, Architectures, and Protocols for Computer Communications},
 series = {SIGCOMM '01},
 year = {2001},
 isbn = {1-58113-411-8},
 location = {San Diego, California, USA},
 pages = {149--160},
 numpages = {12},
 url = {http://doi.acm.org/10.1145/383059.383071},
 doi = {10.1145/383059.383071},
 acmid = {383071},
 publisher = {ACM},
 address = {New York, NY, USA},
} 
